<?xml version="1.0" encoding="UTF-8"?><collection xmlns="http://www.loc.gov/MARC21/slim"><record><leader>00365nam--2200133-i-4500</leader><controlfield tag="001">000022814</controlfield><controlfield tag="002">20161230</controlfield><controlfield tag="005">20161230201034</controlfield><controlfield tag="008">060222s1000------------r-----000-0-eng-d</controlfield><datafield ind1=" " ind2=" " tag="080"><subfield code="a">778.6</subfield></datafield><datafield ind1=" " ind2=" " tag="100"><subfield code="a">Hunt, R.W.G</subfield></datafield><datafield ind1=" " ind2=" " tag="245"><subfield code="a">The reproduction of colour. with a foreword by prof.w.d.wright. 2nd edition</subfield></datafield><datafield ind1=" " ind2=" " tag="260"><subfield code="a">London, Fountain Press, 1967, 500 P</subfield></datafield><datafield ind1=" " ind2=" " tag="852"><subfield code="a">30164</subfield></datafield></record></collection>